@misc{TENREASONSQUIRKY,
  title = {Ten Reasons Why I Consider Quirky.com As Best in Crowdsourcing and Open Innovation - Mass Customization & Open Innovation News},
  howpublished = {\url{http://mass-customization.blogs.com/mass_customization_open_i/2010/10/ten-reasons-why-i-consider-quirkycom-as-best-in-crowdsourcing-and-open-innovation.html}},
  note = {Accessed: 2013-12-23}
}

@misc{LOSINGRIGHTS,
  title = {Quirky Complaint Review},
  howpublished = {\url{http://www.ripoffreport.com/r/Quirky/internet/Quirky-Quirkycom-You-will-lose-your-invention-you-will-not-retain-the-rights-to-your-in-881825}},
  note = {Accessed: 2013-12-23}
}

@misc{REPORTQUIRKY2345,
  title = {Quirky Incorporated},
  howpublished = {\url{http://investing.businessweek.com/research/stocks/private/snapshot.asp?privcapId=62400109}},
  note = {Accessed: 2013-12-23}
}
@misc{QUIRKYCOMINF,
  title = {Quirky What is influence},
  howpublished = {\url{http://www.quirky.com/help/influence/what-is-influence-}},
  note = {Accessed: 2013-12-24}
}

